
@TECHREPORT{sibley2009rba,
  title={{Relative bundle adjustment}},
  author={Sibley, G.},
  INSTITUTION = {Department of Engineering Science, Oxford University, Tech. Rep},
  year={2009}
}

@inproceedings{sibley2009adaptive,
  title={Adaptive relative bundle adjustment},
  author={Sibley, G. and Mei, C. and Reid, I. and Newman, P.},
  booktitle={Robotics Science and Systems Conference},
  pages={1--8},
  year={2009}
}

@INPROCEEDINGS{blanco2013srba,
     author = {Blanco, Jos{\'{e}}-Luis and Gonz{\'{a}}lez-Jim{\'{e}}nez, Javier and Fern{\'{a}}ndez-Madrigal, Juan-Antonio},
      month = {{may}},
      title = {Sparser Relative Bundle Adjustment (SRBA): constant-time maintenance and local optimization of arbitrarily large maps},
  booktitle = {IEEE International Conference on Robotics and Automation (ICRA)},
       year = {2013},
        url = {http://www.mrpt.org/srba}
}

@MISC{eigenweb,
  author = {Ga\"{e}l Guennebaud and Beno\^{i}t Jacob and others},
  title = {Eigen v3},
  howpublished = {http://eigen.tuxfamily.org},
  year = {2010}
 }

@misc{blanco2010tutorial,
  title={A tutorial on SE(3) transformation parameterizations and on-manifold optimization},
  author={Blanco, J.L.},
  year={2010}
}

@book{andrei2001modern,
  title={Modern C++ design: generic programming and design patterns applied},
  author={Andrei Alexandrescu},
  year={2001},
  publisher={Addison-Wesley Professional}
}


